%%%%%%%%%%%%%%%%%%%%%%%%%%%%%%%%%%%%%%%%%%%%%%%%%%%%%%%%%%%%%%%%%%%%%%%%%%%

@STRING{mnras = "MNRAS"}                %Monthly Notices of the Royal Astronomical Society
@STRING{aap = "A\&A"}                   %Astronomy and Astrophysics
@STRING{aaps = "A\&A suppl."}           %Astronomy and Astrophysics Supplement
@STRING{apj = "ApJ"}                    %Astrophysical Journal
@STRING{apjl = "ApJ Lett."}             %Astrophysical Journal Letters
@STRING{apjss = "ApJS"}                 %Astrophys. J., Suppl. Ser.
@STRING{aj = "AJ"}                      %Astronomical Journal

%%%%%%%%%%%%%%%%%%%%%%%%%%%%%%%%%%%%%%%%%%%%%%%%%%%%%%%%%%%%%%%%%%%%%%%%%%%

@BOOK{bracewell,
  title = {{The Fourier transform and its applications}},
  publisher = {The Fourier transform and its applications / Ronald N.~Bracewell.~Boston
	: McGraw Hill, c2000.~(McGraw-Hill series in electrical and computer
	engineering.~Circuits and systems)},
  year = {2000},
  author = {{Bracewell}, R.~N.},
  adsnote = {Provided by the Smithsonian/NASA Astrophysics Data System},
  adsurl = {http://cdsads.u-strasbg.fr/cgi-bin/nph-bib_query?bibcode=2000fta..book.....B&db_key=AST}
}

@BOOK{thompson,
  title = {{Interferometry and Synthesis in Radio Astronomy, 2nd Edition}},
  publisher = {Interferometry and synthesis in radio astronomy by A.~Richard Thompson,
	James M.~Moran, and George W.~Swenson, Jr.~2nd ed.~ New York : Wiley,
	c2001.xxiii, 692 p.~: ill.~; 25 cm.~''A Wiley-Interscience publication.''
	Includes bibliographical references and indexes.~ISBN : 0471254924},
  year = {2001},
  author = {{Thompson}, A.~R. and {Moran}, J.~M. and {Swenson}, Jr., G.~W.},
  month = apr,
  adsnote = {Provided by the Smithsonian/NASA Astrophysics Data System},
  adsurl = {http://cdsads.u-strasbg.fr/cgi-bin/nph-bib_query?bibcode=2001isra.book.....T&db_key=AST}
}

@BOOK{wall,
  title = {Practical Statistics for Astronomers},
  year = {2003},
  author = {Wall and Jenkins}
}

%%%%%%%%%%%%%%%%%%%%%%%%%%%%%%%%%%%%%%%%%%%%%%%%%%%%%%%%%%%%%%%%%%%%%%%%%%%

@ARTICLE{hogbom74,
  author = {{H{\"o}gbom}, J.~A.},
  title = {{Aperture Synthesis with a Non-Regular Distribution of Interferometer
	Baselines}},
  journal = aaps,
  year = {1974},
  volume = {15},
  pages = {417-+},
  month = jun,
  adsnote = {Provided by the Smithsonian/NASA Astrophysics Data System},
  adsurl = {http://cdsads.u-strasbg.fr/cgi-bin/nph-bib_query?bibcode=1974A%26AS...15..417H&db_key=AST}
}

@ARTICLE{clark80,
  author = {{Clark}, B.~G.},
  title = {{An efficient implementation of the algorithm 'CLEAN'}},
  journal = aap,
  year = {1980},
  volume = {89},
  pages = {377-+},
  month = sep,
  adsnote = {Provided by the Smithsonian/NASA Astrophysics Data System},
  adsurl = {http://cdsads.u-strasbg.fr/cgi-bin/nph-bib_query?bibcode=1980A%26A....89..377C&db_key=AST}
}

@INPROCEEDINGS{cotton99,
  author = {{Cotton}, W.~D.},
  title = {{Special Problems in Imaging}},
  booktitle = {ASP Conf. Ser. 180: Synthesis Imaging in Radio Astronomy II},
  year = {1999},
  editor = {{Taylor}, G.~B. and {Carilli}, C.~L. and {Perley}, R.~A.},
  pages = {357-+},
  adsnote = {Provided by the Smithsonian/NASA Astrophysics Data System},
  adsurl = {http://cdsads.u-strasbg.fr/cgi-bin/nph-bib_query?bibcode=1999ASPC..180..357C&db_key=AST}
}

@ARTICLE{schwab84,
  author = {{Schwab}, F.~R.},
  title = {{Relaxing the isoplanatism assumption in self-calibration; applications
	to low-frequency radio interferometry}},
  journal = aj,
  year = {1984},
  volume = {89},
  pages = {1076-1081},
  month = jul,
  adsnote = {Provided by the Smithsonian/NASA Astrophysics Data System},
  adsurl = {http://cdsads.u-strasbg.fr/cgi-bin/nph-bib_query?bibcode=1984AJ.....89.1076S&db_key=AST},
  doi = {10.1086/113605}
}

@ARTICLE{steer84,
  author = {{Steer}, D.~G. and {Dewdney}, P.~E. and {Ito}, M.~R.},
  title = {{Enhancements to the deconvolution algorithm 'CLEAN'}},
  journal = aap,
  year = {1984},
  volume = {137},
  pages = {159-165},
  month = aug,
  adsnote = {Provided by the Smithsonian/NASA Astrophysics Data System},
  adsurl = {http://cdsads.u-strasbg.fr/cgi-bin/nph-bib_query?bibcode=1984A%26A...137..159S&db_key=AST}
}

@ARTICLE{schwarz78,
  author = {{Schwarz}, U.~J.},
  title = {{Mathematical-statistical Description of the Iterative Beam Removing
	Technique (Method CLEAN)}},
  journal = aap,
  year = {1978},
  volume = {65},
  pages = {345-+},
  month = apr,
  adsnote = {Provided by the Smithsonian/NASA Astrophysics Data System},
  adsurl = {http://cdsads.u-strasbg.fr/cgi-bin/nph-bib_query?bibcode=1978A%26A....65..345S&db_key=AST}
}

@ARTICLE{wakker88,
  author = {{Wakker}, B.~P. and {Schwarz}, U.~J.},
  title = {{The Multi-Resolution CLEAN and its application to the short-spacing
	problem in interferometry}},
  journal = aap,
  year = {1988},
  volume = {200},
  pages = {312-322},
  month = jul,
  adsnote = {Provided by the Smithsonian/NASA Astrophysics Data System},
  adsurl = {http://cdsads.u-strasbg.fr/cgi-bin/nph-bib_query?bibcode=1988A%26A...200..312W&db_key=AST}
}

@ARTICLE{cornwell0X,
  author = {{Cornwell}, T.J. and {Holdaway}, M.H},
  title = {Multi-Scale CLEAN deconvolution},
  year = {200X}
}

@ARTICLE{giovannelli05,
  author = {{Giovannelli}, J.-F. and {Coulais}, A.},
  title = {{Positive deconvolution for superimposed extended source and point
	sources}},
  journal = aap,
  year = {2005},
  volume = {439},
  pages = {401-412},
  month = aug,
  adsnote = {Provided by the Smithsonian/NASA Astrophysics Data System},
  adsurl = {http://cdsads.u-strasbg.fr/cgi-bin/nph-bib_query?bibcode=2005A%26A...439..401G&db_key=AST},
  doi = {10.1051/0004-6361:20047011},
  eprint = {astro-ph/0507691}
}

%%%%%%%%%%%%%%%%%%%%%%%%%%%%%%%%%%%%%%%%%%%%%%%%%%%%%%%%%%%%%%%%%%%%%%%%%%%

@ARTICLE{boone02,
  author = {{Boone}, F.},
  title = {{Interferometric array design: Distributions of Fourier samples for
	imaging}},
  journal = aap,
  year = {2002},
  volume = {386},
  pages = {1160-1171},
  month = may,
  adsnote = {Provided by the Smithsonian/NASA Astrophysics Data System},
  adsurl = {http://adsabs.harvard.edu/cgi-bin/nph-bib_query?bibcode=2002A%26A...386.1160B&db_key=AST},
  doi = {10.1051/0004-6361:20020297}
}

@ARTICLE{boone01,
  author = {{Boone}, F.},
  title = {{Interferometric array design: Optimizing the locations of the antenna
	pads}},
  journal = aap,
  year = {2001},
  volume = {377},
  pages = {368-376},
  month = oct,
  adsnote = {Provided by the Smithsonian/NASA Astrophysics Data System},
  adsurl = {http://adsabs.harvard.edu/cgi-bin/nph-bib_query?bibcode=2001A%26A...377..368B&db_key=AST},
  doi = {10.1051/0004-6361:20011105},
  eprint = {astro-ph/0108183}
}

@ARTICLE{karastergiou06,
  author = {{Karastergiou}, A. and {Neri}, R. and {Gurwell}, M.~A.},
  title = {{Adapting and Expanding Interferometric Arrays}},
  journal = apjs,
  year = {2006},
  volume = {164},
  pages = {552-558},
  month = jun,
  adsnote = {Provided by the Smithsonian/NASA Astrophysics Data System},
  adsurl = {http://adsabs.harvard.edu/cgi-bin/nph-bib_query?bibcode=2006ApJS..164..552K&db_key=AST},
  doi = {10.1086/503630},
  eprint = {astro-ph/0602578}
}

%%%%%%%%%%%%%%%%%%%%%%%%%%%%%%%%%%%%%%%%%%%%%%%%%%%%%%%%%%%%%%%%%%%%%%%%%%%

@INPROCEEDINGS{fomalont99,
  author = {{Fomalont}, E.~B.},
  title = {{Image Analysis}},
  booktitle = {ASP Conf. Ser. 180: Synthesis Imaging in Radio Astronomy II},
  year = {1999},
  editor = {{Taylor}, G.~B. and {Carilli}, C.~L. and {Perley}, R.~A.},
  pages = {301-+},
  adsnote = {Provided by the Smithsonian/NASA Astrophysics Data System},
  adsurl = {http://cdsads.u-strasbg.fr/cgi-bin/nph-bib_query?bibcode=1999ASPC..180..301F&db_key=AST}
}

@INPROCEEDINGS{guilloteau04,
  author = {Guilloteau},
  title = {Sensitivity and Noise},
  booktitle = {IRAM Millimeter interferometry summer school},
  year = {2004}
}

@INPROCEEDINGS{Guilloteau00,
  author = {Guilloteau, S.},
  title = {The imaging principles},
  booktitle = {IRAM Millimeter Interferometry Summer School},
  year = {2000},
  editor = {A. Dutrey}
}

%%%%%%%%%%%%%%%%%%%%%%%%%%%%%%%%%%%%%%%%%%%%%%%%%%%%%%%%%%%%%%%%%%%%%%%%%%%

@TechReport{pety01c,
  author = 	 {Pety, J. and Gueth, F. and Guilloteau, S.},
  title = 	 {Impact of ACA on the Wide-Field Imaging Capabilities
                  of ALMA},
  institution =  {IRAM},
  year = 	 2001,
  type =	 {ALMA Memo 398}
}

@TechReport{pety01b,
  author = 	 {Pety, J. and Gueth, F. and Guilloteau, S.},
  title = 	 {ALMA+ACA Simulation Results},
  institution =  {IRAM},
  year = 	 2001,
  type =	 {ALMA Memo 387}
}

@TechReport{pety01a,
  author = 	 {Pety, J. and Gueth, F. and Guilloteau, S.},
  title = 	 {ALMA+ACA Simulation Tools},
  institution =  {IRAM},
  year = 	 2001,
  type =	 {ALMA Memo 386}
}

@INPROCEEDINGS{gueth00,
  author = {Gueth, F.},
  title = {Mosaicing},
  booktitle = {IRAM Millimeter Interferometry Summer School},
  year = {2000},
  editor = {A. Dutrey}
}

@INPROCEEDINGS{holdaway99,
  author = {{Holdaway}, M.~A.},
  title = {{Mosaicing with Interferometric Arrays}},
  booktitle = {ASP Conf. Ser. 180: Synthesis Imaging in Radio Astronomy II},
  year = {1999},
  editor = {{Taylor}, G.~B. and {Carilli}, C.~L. and {Perley}, R.~A.},
  pages = {401-+},
  adsnote = {Provided by the Smithsonian/NASA Astrophysics Data System},
  adsurl = {http://cdsads.u-strasbg.fr/cgi-bin/nph-bib_query?bibcode=1999ASPC..180..401H&db_key=AST},
  url = {http://cdsads.u-strasbg.fr/cgi-bin/nph-data_query?bibcode=1999ASPC..180..401H&link_type=ARTICLE&db_key=AST}
}

%%%%%%%%%%%%%%%%%%%%%%%%%%%%%%%%%%%%%%%%%%%%%%%%%%%%%%%%%%%%%%%%%%%%%%%%%%%
